
@book{james2021,
  author = {James, Gareth and Witten, Daniela and Hastie, Trevor and Tibshirani, Robert},
  title = {An Introduction to Statistical Learning: with Applications in R},
  year = {2021},
  publisher = {Springer}
}

@book{kuhn2022,
  author = {Kuhn, Max and Silge, Julia},
  title = {Tidy Modeling with R},
  year = {2022},
  publisher = {O'Reilly Media}
}

@book{hosmer2013,
  author = {Hosmer, David W. and Lemeshow, Stanley},
  title = {Applied Logistic Regression},
  year = {2013},
  publisher = {John Wiley & Sons}
}
